@book{lewis2003robot,
  title={Robot manipulator control: theory and practice},
  author={Lewis, Frank L and Dawson, Darren M and Abdallah, Chaouki T},
  year={2003},
  publisher={CRC Press}
}